<record><leader>00000cas a22000007a 4500</leader><controlfield tag="001">27263464</controlfield><controlfield tag="008">930115d19uu1957caudn ne      0    0eng d</controlfield><datafield ind1=" " ind2=" " tag="010"><subfield code="a">sn 92069910 </subfield></datafield><datafield ind1=" " ind2=" " tag="040"><subfield code="a">CNK</subfield><subfield code="b">eng</subfield><subfield code="c">CNK</subfield><subfield code="d">OCLCQ</subfield></datafield><datafield ind1=" " ind2=" " tag="042"><subfield code="a">msc</subfield></datafield><datafield ind1="0" ind2="4" tag="245"><subfield code="a">The San Gorgonio Pass daily Banning record.</subfield></datafield><datafield ind1="1" ind2="7" tag="246"><subfield code="a">Banning record</subfield></datafield><datafield ind1=" " ind2=" " tag="260"><subfield code="a">Banning, Calif. :</subfield><subfield code="b">Wihnyk-Taylor Newspapers</subfield></datafield><datafield ind1=" " ind2=" " tag="300"><subfield code="a">v.</subfield></datafield><datafield ind1=" " ind2=" " tag="310"><subfield code="a">Daily (except Sun. and Mon.)</subfield></datafield><datafield ind1="0" ind2=" " tag="362"><subfield code="a">-50th year, no. 177 (Nov. 9, 1957).</subfield></datafield><datafield ind1=" " ind2=" " tag="588"><subfield code="a">Description based on: 50th year, no. 120 (Aug. 22, 1957).</subfield></datafield><datafield ind1=" " ind2="4" tag="651"><subfield code="a">Riverside County (Calif.)</subfield><subfield code="v">Newspapers.</subfield></datafield><datafield ind1=" " ind2=" " tag="752"><subfield code="a">United States</subfield><subfield code="b">California</subfield><subfield code="c">Riverside</subfield><subfield code="d">Banning.</subfield></datafield><datafield ind1="0" ind2="0" tag="785"><subfield code="t">Daily Banning record</subfield><subfield code="w">(DLC)sn 92069911</subfield></datafield><datafield ind1="1" ind2=" " tag="029"><subfield code="a">AU@</subfield><subfield code="b">000020736559</subfield></datafield></record>